@inproceedings{gamma1993design,
	title={Design patterns: Abstraction and reuse of object-oriented design},
	author={Gamma, Erich and Helm, Richard and Johnson, Ralph and Vlissides, John},
	booktitle={ECOOP’93—Object-Oriented Programming: 7th European Conference Kaiserslautern, Germany, July 26--30, 1993 Proceedings 7},
	pages={406--431},
	year={1993},
	organization={Springer}
}

@ARTICLE{encapsulation,
	author={Zweben, S.H. and Edwards, S.H. and Weide, B.W. and Hollingsworth, J.E.},
	journal={IEEE Transactions on Software Engineering}, 
	title={The effects of layering and encapsulation on software development cost and quality}, 
	year={1995},
	volume={21},
	number={3},
	pages={200-208},
	keywords={Encapsulation;Programming;Costs;Software quality;Data structures;Productivity;Software systems;Computer languages;Statistical analysis;Computerized monitoring},
	doi={10.1109/32.372147}}


@misc{refactoring-guru,
	url = {https://refactoring.guru/design-patterns}
}

@misc{geeksforgeeks,
	url = {https://www.geeksforgeeks.org/memento-design-pattern/}
}